<record><leader>00000cas a2200000 a 4500</leader><controlfield tag="001">49236273</controlfield><controlfield tag="007">hd afb---bacp</controlfield><controlfield tag="007">hd bfb---baap</controlfield><controlfield tag="007">hd bfb---babp</controlfield><controlfield tag="008">020304d19241926wauwr nea     0    0eng c</controlfield><datafield ind1=" " ind2=" " tag="010"><subfield code="a">  2002252133</subfield></datafield><datafield ind1=" " ind2=" " tag="040"><subfield code="a">WAU</subfield><subfield code="b">eng</subfield><subfield code="c">WAU</subfield><subfield code="d">OCLCQ</subfield><subfield code="d">OCLCF</subfield><subfield code="d">OCLCO</subfield></datafield><datafield ind1="1" ind2=" " tag="029"><subfield code="a">AU@</subfield><subfield code="b">000023395592</subfield></datafield><datafield ind1=" " ind2=" " tag="042"><subfield code="a">pcc</subfield></datafield><datafield ind1=" " ind2=" " tag="043"><subfield code="a">n-us-wa</subfield></datafield><datafield ind1="0" ind2="0" tag="245"><subfield code="a">Wallingford Hill outlook</subfield><subfield code="h">[microform].</subfield></datafield><datafield ind1="1" ind2=" " tag="246"><subfield code="i">Issues for Sept. 9-16, 1926 have later title:</subfield><subfield code="a">North Side outlook</subfield></datafield><datafield ind1="3" ind2="0" tag="246"><subfield code="a">Outlook</subfield></datafield><datafield ind1="1" ind2="7" tag="246"><subfield code="a">Wallingford herald</subfield><subfield code="f">June 12, 1924</subfield></datafield><datafield ind1=" " ind2=" " tag="260"><subfield code="a">Seattle, Wash. :</subfield><subfield code="b">Fouress Print Shop,</subfield><subfield code="c">[1924-1926]</subfield></datafield><datafield ind1=" " ind2=" " tag="300"><subfield code="a">3 v. :</subfield><subfield code="b">ill.</subfield></datafield><datafield ind1=" " ind2=" " tag="310"><subfield code="a">Weekly</subfield></datafield><datafield ind1="0" ind2=" " tag="362"><subfield code="a">Vol. 2, no. 20 (June 12, 1924)-v. 4, no. 36 (Sept. 30, 1926).</subfield></datafield><datafield ind1=" " ind2=" " tag="500"><subfield code="a">Editor: Orrill V. Stapp.</subfield></datafield><datafield ind1=" " ind2=" " tag="580"><subfield code="a">Merger of: Wallingford herald, Your community shopping news. 55th and Meridian, and: Your community shopping news. East Forty-fifth Street.</subfield></datafield><datafield ind1=" " ind2=" " tag="533"><subfield code="a">Microfilm.</subfield><subfield code="b">[Seattle, Wash.] :</subfield><subfield code="c">Filmed for the University of Washington Libraries,</subfield><subfield code="d">1998.</subfield><subfield code="e">1 microfilm reel ; 35 mm.</subfield><subfield code="n">Issue for Apr. 9, 1935 incomplete.</subfield></datafield><datafield ind1=" " ind2="0" tag="651"><subfield code="a">Wallingford (Seattle, Wash.)</subfield><subfield code="v">Newspapers.</subfield></datafield><datafield ind1=" " ind2="0" tag="651"><subfield code="a">Seattle (Wash.)</subfield><subfield code="v">Newspapers.</subfield></datafield><datafield ind1=" " ind2="7" tag="655"><subfield code="a">Newspapers.</subfield><subfield code="2">fast</subfield><subfield code="0">(OCoLC)fst01423814</subfield></datafield><datafield ind1=" " ind2="7" tag="651"><subfield code="a">Washington (State)</subfield><subfield code="z">Seattle.</subfield><subfield code="2">fast</subfield><subfield code="0">(OCoLC)fst01204940</subfield></datafield><datafield ind1=" " ind2="7" tag="651"><subfield code="a">Washington (State)</subfield><subfield code="z">Seattle</subfield><subfield code="z">Wallingford.</subfield><subfield code="2">fast</subfield><subfield code="0">(OCoLC)fst01322013</subfield></datafield><datafield ind1="1" ind2=" " tag="700"><subfield code="a">Stapp, Orrill V.</subfield></datafield><datafield ind1=" " ind2=" " tag="752"><subfield code="a">United States</subfield><subfield code="b">Washington</subfield><subfield code="c">King</subfield><subfield code="d">Seattle.</subfield></datafield><datafield ind1="1" ind2="4" tag="780"><subfield code="t">Wallingford herald</subfield><subfield code="w">(DLC)  2002252131</subfield></datafield><datafield ind1="1" ind2="4" tag="780"><subfield code="t">Your community shopping news. 55th and Meridian</subfield><subfield code="w">(DLC)  2002252128</subfield></datafield><datafield ind1="1" ind2="4" tag="780"><subfield code="t">Your community shopping news. East Forty-fifth Street</subfield><subfield code="w">(DLC)  2002252132</subfield></datafield><datafield ind1="0" ind2="0" tag="785"><subfield code="t">North Side outlook</subfield><subfield code="w">(DLC)  2002252134</subfield><subfield code="w">(OCoLC)49236152</subfield></datafield><datafield ind1=" " ind2=" " tag="850"><subfield code="a">WaU</subfield><subfield code="a">WaU (Master)</subfield></datafield></record>